@article{Li2019,
   author = {Ao Li and Zhou Qin and Runshi Liu and Yiqun Yang and Dong Li},
   journal = {International Conference on Information and Knowledge Management, Proceedings},
   title = {Spam review detection with graph convolutional networks},
   year = {2019},
   url = {https://arxiv.org/pdf/1908.10679v1.pdf},
}
