
@article{DBLP:journals/corr/abs-2109-09075,
author    = {Daniela N. Rim and
             DongNyeong Heo and
             Heeyoul Choi},
title     = {Adversarial Training with Contrastive Learning in {NLP}},
year      = {2021},
url       = {https://arxiv.org/abs/2109.09075},
}

@article{DBLP:journals/corr/abs-1907-11932,
  author    = {Di Jin and
               Zhijing Jin and
               Joey Tianyi Zhou and
               Peter Szolovits},
  title     = {Is {BERT} Really Robust? Natural Language Attack on Text Classification
               and Entailment},
  year      = {2019},
  url       = {http://arxiv.org/abs/1907.11932}
}

@article{DBLP:journals/corr/abs-1801-04354,
  author    = {Ji Gao and
               Jack Lanchantin and
               Mary Lou Soffa and
               Yanjun Qi},
  title     = {Black-box Generation of Adversarial Text Sequences to Evade Deep Learning
               Classifiers},
  year      = {2018},
  url       = {http://arxiv.org/abs/1801.04354}
}
  @article{DBLP:journals/corr/abs-2005-05909,
  author    = {John X. Morris and
               Eli Lifland and
               Jin Yong Yoo and
               Yanjun Qi},
  title     = {TextAttack: {A} Framework for Adversarial Attacks in Natural Language
               Processing},
  year      = {2020},
  url       = {https://arxiv.org/abs/2005.05909}
}